<?xml version="1.0" encoding="utf-8"?>
<record xmlns="http://www.loc.gov/MARC21/slim" xmlns:xsi="http://www.w3.org/2001/XMLSchema-instance" xsi:schemaLocation="http://www.loc.gov/MARC21/slim http://www.loc.gov/standards/marcxml/schema/MARC21slim.xsd">
	<leader>
		02340nam a2200433   4500
	</leader>
	<controlfield tag="001">
		001937042
	</controlfield>
	<controlfield tag="003">
		NNU
	</controlfield>
	<controlfield tag="006">
		m        d        
	</controlfield>
	<controlfield tag="007">
		cr cn |||m|||a
	</controlfield>
	<controlfield tag="008">
		151007s1973    ir c    ob    001 0 per d
	</controlfield>
	<datafield ind1=" " ind2=" " tag="040">
		<subfield code="a">
			NNU
		</subfield>
		<subfield code="b">
			eng
		</subfield>
		<subfield code="c">
			NNU
		</subfield>
	</datafield>
	<datafield ind1="0" ind2=" " tag="041">
		<subfield code="a">
			ara
		</subfield>
		<subfield code="a">
			per
		</subfield>
		<subfield code="a">
			eng
		</subfield>
	</datafield>
	<datafield ind1="1" ind2=" " tag="100">
		<subfield code="a">
			Bīrūnī, Muḥammad ibn Aḥmad,
		</subfield>
		<subfield code="d">
			973?-1048.
		</subfield>
	</datafield>
	<datafield ind1="1" ind2="0" tag="245">
		<subfield code="a">
			Abū Rayḥān Bīrūnī va Ibn Sīnā
		</subfield>
		<subfield code="h">
			[electronic resource] :
		</subfield>
		<subfield code="b">
			al-asʼilah wa-al-ajwibah : bih inz̤imām-i pāskhʹhā-yi darbārah-ʹi Abū Rayḥān va difāʻ-i Abū Saʻīd Maʻṣūmī az Ibn Sīnā /
		</subfield>
		<subfield code="c">
			bih taṣḥīḥ va muqaddamah-ʹi Fārsī va Inglīsī Sayyid Ḥusayn Naṣr, Mahdī Muḥaqqiq.
		</subfield>
	</datafield>
	<datafield ind1=" " ind2=" " tag="260">
		<subfield code="a">
			[Tehran] :
		</subfield>
		<subfield code="b">
			Shūrā-yi ʻĀlī-i Farhang va Hunar, Markaz-i Muṭālaʻāt va Hamāhangī-i Farhangī,
		</subfield>
		<subfield code="c">
			1352 [1973]
		</subfield>
	</datafield>
	<datafield ind1=" " ind2=" " tag="300">
		<subfield code="a">
			online resource (12, 90, 14 p.) :
		</subfield>
		<subfield code="b">
			port.
		</subfield>
	</datafield>
	<datafield ind1="1" ind2=" " tag="490">
		<subfield code="a">
			Shūrā-yi ʻĀlī-i Farhang va Hunar, Markaz-i Muṭālaʻāt va Hamāhangī-i Farhangī ;
		</subfield>
		<subfield code="v">
			9
		</subfield>
	</datafield>
	<datafield ind1=" " ind2=" " tag="500">
		<subfield code="a">
			Title on p. [4] of cover: al-Biruni and Ibn Sina : al-asʼilah wa'l-ajwibah = questions and answers.
		</subfield>
	</datafield>
	<datafield ind1=" " ind2=" " tag="500">
		<subfield code="a">
			Text in Arabic; intro. in Persian and English.
		</subfield>
	</datafield>
	<datafield ind1=" " ind2=" " tag="500">
		<subfield code="a">
			Part of the Arabic Collections Online (ACO) project, contributed by New York Univeristy Libraries.
		</subfield>
	</datafield>
	<datafield ind1=" " ind2=" " tag="504">
		<subfield code="a">
			Includes bibliographical references and index.
		</subfield>
	</datafield>
	<datafield ind1=" " ind2=" " tag="533">
		<subfield code="a">
			Electronic reproduction.
		</subfield>
		<subfield code="b">
			New York, N.Y. :
		</subfield>
		<subfield code="c">
			New York University,
		</subfield>
		<subfield code="d">
			2015.
		</subfield>
		<subfield code="5">
			NNU
		</subfield>
	</datafield>
	<datafield ind1=" " ind2="0" tag="650">
		<subfield code="a">
			Science
		</subfield>
		<subfield code="z">
			Islamic countries
		</subfield>
		<subfield code="v">
			Early works to 1800.
		</subfield>
	</datafield>
	<datafield ind1="0" ind2="0" tag="600">
		<subfield code="a">
			Aristotle.
		</subfield>
		<subfield code="t">
			De caelo.
		</subfield>
	</datafield>
	<datafield ind1="1" ind2=" " tag="700">
		<subfield code="a">
			Muḥaqqiq, Mahdī.
		</subfield>
	</datafield>
	<datafield ind1="1" ind2=" " tag="700">
		<subfield code="a">
			Nasr, Seyyed Hossein.
		</subfield>
	</datafield>
	<datafield ind1="1" ind2=" " tag="700">
		<subfield code="a">
			Maʻṣūmī, Aḥmad ibn ʻAlī,
		</subfield>
		<subfield code="d">
			11th cent.
		</subfield>
		<subfield code="t">
			Faqīh.
		</subfield>
	</datafield>
	<datafield ind1="0" ind2=" " tag="700">
		<subfield code="a">
			Avicenna,
		</subfield>
		<subfield code="d">
			980-1037.
		</subfield>
	</datafield>
	<datafield ind1="2" ind2=" " tag="710">
		<subfield code="a">
			New York University.
		</subfield>
		<subfield code="b">
			Libraries.
		</subfield>
	</datafield>
	<datafield ind1="0" ind2=" " tag="730">
		<subfield code="a">
			Arabic Collections Online.
		</subfield>
	</datafield>
	<datafield ind1="0" ind2=" " tag="740">
		<subfield code="a">
			Questions and answers.
		</subfield>
	</datafield>
	<datafield ind1="0" ind2=" " tag="740">
		<subfield code="a">
			Asʼilah wa'l-ajwibah.
		</subfield>
	</datafield>
	<datafield ind1="0" ind2=" " tag="740">
		<subfield code="a">
			Biruni and Ibn Sina.
		</subfield>
	</datafield>
	<datafield ind1="0" ind2=" " tag="740">
		<subfield code="a">
			Asʼilah wa-al-ajwibah.
		</subfield>
	</datafield>
	<datafield ind1="0" ind2="8" tag="776">
		<subfield code="i">
			Print version:
		</subfield>
		<subfield code="a">
			Bīrūnī, Muḥammad ibn Aḥmad, 973?-1048.
		</subfield>
		<subfield code="t">
			Abū Rayḥān Bīrūnī va Ibn Sīnā
		</subfield>
		<subfield code="w">
			(NNU)001937042
		</subfield>
	</datafield>
	<datafield ind1=" " ind2="0" tag="830">
		<subfield code="a">
			Shūrā-yi ʻĀlī-i Farhang va Hunar (Iran).
		</subfield>
		<subfield code="p">
			Markaz-i Muṭālaʻāt va Hamāhangī-i Farhangī (Series) ;
		</subfield>
		<subfield code="v">
			9.
		</subfield>
	</datafield>
	<datafield ind1="4" ind2="0" tag="856">
		<subfield code="u">
			http://hdl.handle.net/2333.1/gmsbcfzt
		</subfield>
	</datafield>
	<datafield ind1=" " ind2=" " tag="959">
		<subfield code="a">
			NNU
		</subfield>
		<subfield code="b">
			WEB
		</subfield>
		<subfield code="c">
			GENI
		</subfield>
		<subfield code="t">
			0
		</subfield>
		<subfield code="m">
			Electronic access
		</subfield>
		<subfield code="s">
			01
		</subfield>
	</datafield>
	<datafield ind1=" " ind2=" " tag="999">
		<subfield code="i">
			NNU_001937042
		</subfield>
		<subfield code="s">
			nyu_aco001404
		</subfield>
		<subfield code="e">
			(ERROR-880)
		</subfield>
	</datafield>
</record>
